@Misc{azure,
  author = {Microsoft},
  title  = {Azure Global Network},
  year   = {2021},
  url    = {https://azure.microsoft.com/en-us/global-infrastructure/global-network/},
}

@article{10.1145/344588.344618,
author = {Kwok, Yu-Kwong and Ahmad, Ishfaq},
title = {Static Scheduling Algorithms for Allocating Directed Task Graphs to Multiprocessors},
year = {1999},
issue_date = {Dec. 1999},
publisher = {Association for Computing Machinery},
address = {New York, NY, USA},
volume = {31},
number = {4},
issn = {0360-0300},
url = {https://doi.org/10.1145/344588.344618},
doi = {10.1145/344588.344618},
journal = {ACM Comput. Surv.},
month = dec,
pages = {406â€“471},
}

@article{ULLMAN1975384,
title = {NP-complete scheduling problems},
journal = {Journal of Computer and System Sciences},
volume = {10},
number = {3},
pages = {384-393},
year = {1975},
issn = {0022-0000},
doi = {https://doi.org/10.1016/S0022-0000(75)80008-0},
url = {https://www.sciencedirect.com/science/article/pii/S0022000075800080},
author = {J.D. Ullman},
}

@Article{Chen2019,
  author    = {Li Chen and Shuhao Liu and Baochun Li and Bo Li},
  journal   = {{IEEE} Transactions on Network Science and Engineering},
  title     = {Scheduling Jobs across Geo-Distributed Datacenters with Max-Min Fairness},
  year      = {2019},
  month     = {jul},
  number    = {3},
  pages     = {488--500},
  volume    = {6},
  doi       = {10.1109/tnse.2018.2795580},
  publisher = {Institute of Electrical and Electronics Engineers ({IEEE})},
}